@article{kleinberg2016inherent,
  title={Inherent trade-offs in the fair determination of risk scores},
  author={Kleinberg, Jon and Mullainathan, Sendhil and Raghavan, Manish},
  journal={arXiv preprint arXiv:1609.05807},
  year={2016}
}

@article{atlantic2016,
	title={How algorithms can bring down minorities credit scores?},
	journal={The Atlantic},
	year={2016}
}

@article{Economist2018,
	title={Are programs better than people at predicting reoffending?},
	journal={The Economist},
	year={2018}
}

@article{NY2017,
	title={When an Algorithm Helps Send You to Prison},
	journal={New York Times},
	year={2017}
}

@article{ProPublica2016,
	title={How We Analyzed the COMPAS Recidivism Algorithm},
	journal={ProPublica},
	year={2016}
}
@article{Ricci,
	title={Ricci et al. vs. DeStefano et al.},
	journal=Supreme Court of the United States},
	year={2008}
}

@article{Loomis,
	title={Loomis vs. State of Wisconsin},
	journal={Supreme Court of the State of Wisconsin},
	year={2016}

@inproceedings{dwork2012fairness,
  title={Fairness through awareness},
  author={Dwork, Cynthia and Hardt, Moritz and Pitassi, Toniann and Reingold, Omer and Zemel, Richard},
  booktitle={Proceedings of the 3rd innovations in theoretical computer science conference},
  pages={214--226},
  year={2012},
  organization={ACM}
}

@inproceedings{hardt2016equality,
  title={Equality of opportunity in supervised learning},
  author={Hardt, Moritz and Price, Eric and Srebro, Nati and others},
  booktitle={Advances in neural information processing systems},
  pages={3315--3323},
  year={2016}
}

@article{friedler2016possibility,
  title={On the (im) possibility of fairness},
  author={Friedler, Sorelle A and Scheidegger, Carlos and Venkatasubramanian, Suresh},
  journal={arXiv preprint arXiv:1609.07236},
  year={2016}
}

@article{kearns2017preventing,
  title={Preventing Fairness Gerrymandering: Auditing and Learning for Subgroup Fairness},
  author={Kearns, Michael and Neel, Seth and Roth, Aaron and Wu, Zhiwei Steven},
  journal={arXiv preprint arXiv:1711.05144},
  year={2017}
}

@article{kim2018fairness,
  title={Fairness Through Computationally-Bounded Awareness},
  author={Kim, Michael P and Reingold, Omer and Rothblum, Guy N},
  journal={arXiv preprint arXiv:1803.03239},
  year={2018}
}

@article{agarwal2018reductions,
  title={A reductions approach to fair classification},
  author={Agarwal, Alekh and Beygelzimer, Alina and Dud{\'\i}k, Miroslav and Langford, John and Wallach, Hanna},
  journal={arXiv preprint arXiv:1803.02453},
  year={2018}
}

@article{rothblum2018probably,
  title={Probably approximately metric-fair learning},
  author={Rothblum, Guy N and Yona, Gal},
  journal={arXiv preprint arXiv:1803.03242},
  year={2018}
}

@inproceedings{zemel2013learning,
  title={Learning fair representations},
  author={Zemel, Rich and Wu, Yu and Swersky, Kevin and Pitassi, Toni and Dwork, Cynthia},
  booktitle={International Conference on Machine Learning},
  pages={325--333},
  year={2013}
}

@article{zhang2016identifying,
  title={Identifying significant predictive bias in classifiers},
  author={Zhang, Zhe and Neill, Daniel B},
  journal={arXiv preprint arXiv:1611.08292},
  year={2016}
}

@article{chouldechova2017fairer,
  title={Fairer and more accurate, but for whom?},
  author={Chouldechova, Alexandra and G'Sell, Max},
  journal={arXiv preprint arXiv:1707.00046},
  year={2017}
}

@inproceedings{kusner2017counterfactual,
  title={Counterfactual fairness},
  author={Kusner, Matt J and Loftus, Joshua and Russell, Chris and Silva, Ricardo},
  booktitle={Advances in Neural Information Processing Systems},
  pages={4066--4076},
  year={2017}
}

@inproceedings{kilbertus2017avoiding,
  title={Avoiding discrimination through causal reasoning},
  author={Kilbertus, Niki and Carulla, Mateo Rojas and Parascandolo, Giambattista and Hardt, Moritz and Janzing, Dominik and Sch{\"o}lkopf, Bernhard},
  booktitle={Advances in Neural Information Processing Systems},
  pages={656--666},
  year={2017}
}

@inproceedings{ribeiro2016should,
  title={Why should i trust you?: Explaining the predictions of any classifier},
  author={Ribeiro, Marco Tulio and Singh, Sameer and Guestrin, Carlos},
  booktitle={Proceedings of the 22nd ACM SIGKDD international conference on knowledge discovery and data mining},
  pages={1135--1144},
  year={2016},
  organization={ACM}
}

@article{calsamiglia2009decentralizing,
  title={Decentralizing equality of opportunity},
  author={Calsamiglia, Caterina},
  journal={International Economic Review},
  volume={50},
  number={1},
  pages={273--290},
  year={2009},
  publisher={Wiley Online Library}
}

@article{Foulds2018,
author = {Foulds, James and Pan, Shimei},
year = {2018},
month = {07},
pages = {},
title = {An Intersectional Definition of Fairness}
}

@inproceedings{awasthi2013learning,
  title={Learning Using Local Membership Queries.},
  author={Awasthi, Pranjal and Feldman, Vitaly and Kanade, Varun},
  booktitle={COLT},
  volume={30},
  pages={1--34},
  year={2013}
}

@article{dwork2014algorithmic,
  title={The algorithmic foundations of differential privacy},
  author={Dwork, Cynthia and Roth, Aaron and others},
  journal={Foundations and Trends{\textregistered} in Theoretical Computer Science},
  volume={9},
  number={3--4},
  pages={211--407},
  year={2014},
  publisher={Now Publishers, Inc.}
}

@article{hebert2017calibration,
  title={Calibration for the (Computationally-Identifiable) Masses},
  author={H{\'e}bert-Johnson, Ursula and Kim, Michael P and Reingold, Omer and Rothblum, Guy N},
  journal={arXiv preprint arXiv:1711.08513},
  year={2017}
}

@article{feldman2012agnostic,
  title={Agnostic learning of monomials by halfspaces is hard},
  author={Feldman, Vitaly and Guruswami, Venkatesan and Raghavendra, Prasad and Wu, Yi},
  journal={SIAM Journal on Computing},
  volume={41},
  number={6},
  pages={1558--1590},
  year={2012},
  publisher={SIAM}
}

@article{kearns1994toward,
  title={Toward efficient agnostic learning},
  author={Kearns, Michael J and Schapire, Robert E and Sellie, Linda M},
  journal={Machine Learning},
  volume={17},
  number={2-3},
  pages={115--141},
  year={1994},
  publisher={Springer}
}

@inproceedings{feldman2015certifying,
title={Certifying and removing disparate impact},
author={Feldman, Michael and Friedler, Sorelle A and Moeller, John and Scheidegger, Carlos and Venkatasubramanian, Suresh},
booktitle={Proceedings of the 21th ACM SIGKDD International Conference on Knowledge Discovery and Data Mining},
pages={259--268},
year={2015},
organization={ACM}
}

@article{Loubes2018,
title={Obtaining fairness using optimal transport theory},
author={del Barrio, Eustasio and Gamboa, Fabrice and Gordaliza, Paula and Loubes, Jean-Michel},
journal={arXiv preprint arXiv:1806.03195},
year={2018}
}

@article{chouldechova2017fair,
title={Fair prediction with disparate impact: A study of bias in recidivism prediction instruments},
author={Chouldechova, Alexandra},
journal={Big data},
volume={5},
number={2},
pages={153--163},
year={2017},
publisher={Mary Ann Liebert, Inc. 140 Huguenot Street, 3rd Floor New Rochelle, NY 10801 USA}
}

@article{gretton2009covariate,
title={Covariate shift by kernel mean matching},
author={Gretton, Arthur and Smola, Alexander J and Huang, Jiayuan and Schmittfull, Marcel and Borgwardt, Karsten M and Sch{\"o}lkopf, Bernhard},
year={2009},
publisher={MIT press}
}